@online{whatare,
    author = {P. Dang},
    title = {What are domestic robots?},
    year = 2021,
    url = {https://uniduc.com/en/blog/what-are-domestic-robots},
    urldate = {2023-03-18}
}

@online{DomesticRobots,
    author="Prassler, Erwin
    and Kosuge, Kazuhiro",
    editor="Siciliano, Bruno
    and Khatib, Oussama",
    title="Domestic Robotics",
    bookTitle="Springer Handbook of Robotics",
    year="2008",
    publisher="Springer Berlin Heidelberg",
    address="Berlin, Heidelberg",
    pages="1253--1281",
    isbn="978-3-540-30301-5",
    doi="10.1007/978-3-540-30301-5_55",
    url="https://doi.org/10.1007/978-3-540-30301-5_55"
}

@online{robotnik_2022, 
     title={What is an industrial robot? Industrial Robot Definition}, 
     url={https://robotnik.eu/what-is-an-industrial-robot-industrial-robot-definition/}, 
     journal={Robotnik}, 
     author={Robotnik}, 
     year={2022}, 
     month={Oct}
 } 

 @online{wevolver, 
     title={A history of industrial robots}, 
     url={https://www.wevolver.com/article/a-history-of-industrial-robots}, 
     journal={Wevolver}
} 

 @online{history,
    author = {Wikipedia},
    title = {Domestic robot},
    year = 2018,
    url = {https://en.wikipedia.org/wiki/Domestic_robot},
    urldate = {2023-03-18}
}

@online{advantages,
    author = {H. Soffar},
    title = {Domestic robot or Service Robots types, advantages and disadvantages},
    year = 2020,
    url = {https://www.online-sciences.com/robotics/domestic-robot-or-service-robots-types-advantages-and-disadvantages/},
    urldate = {2023-03-18}
}

@online{stevens_2022, 
    title={Advantages &amp; disadvantages of using industrial robots in manufacturing}, 
    url={https://www.wipfli.com/insights/articles/mad-pros-and-cons-of-using-industrial-robots-in-manufacturing}, 
    journal={Wipfli}, 
    publisher={Wipfli}, 
    author={Stevens & Mark}, 
    year={2022}, 
    month={May},
    urldate={2023-03-18}
 } 

@online{martin_2022, 
    title={Robotics and artificial intelligence: The role of AI in Robots}, 
    url={https://aibusiness.com/verticals/robotics-and-artificial-intelligence-the-role-of-ai-in-robots}, 
    journal={AI Business}, 
    author={Martin & Alan},
    year={2022}, 
    month={Nov},
    urldate={2023-03-18}
} 

@online{helfrich_2022, 
     title={Council post: Why robotics and Artificial Intelligence are the future of Mankind}, 
     url={https://www.forbes.com/sites/forbestechcouncil/2022/05/31/why-robotics-and-artificial-intelligence-are-the-future-of-mankind/?sh=40f370351689}, 
     journal={Forbes}, 
     publisher={Forbes Magazine}, 
     author={Helfrich & Thomas}, 
     year={2022}, 
     month={Nov},
     urldate={2023-03-18}
 } 

 @online{market,
    author = {Mordor Intelligence},
    title = {Household Robots Market - Growth, Trends, Covid-19 Impact and Forecasts (2021 - 2026)},
    year = 2020,
    url = {https://www.mordorintelligence.com/industry-reports/household-robots-market},
    urldate = {2023-03-18}
}