@online{ibmcloud,
    author = {IBM Cloud Education},
    title = {What is Overfiting?},
    year = 2021,
    url = {https://www.ibm.com/cloud/learn/overfitting},
    urldate = {2023-03-8}
},
@online{elitedatascience,
    author = {Elite Data Science},
    title = {Overfitting in Machine Learning:  What It Is and How to PreventIt”},
    url = {https://elitedatascience.com/overfitting-in-machine-learning},
    urldate = {2023-03-8}
},

@online{geeksover,
    author = {D. Nautiyal},
    title = {Underfitting and Overfitting in Machine Learning},
    year = 2020,
    url = {https://www.geeksforgeeks.org/underfitting-and-overfitting-in-machine-learning/},
    urldate = {2023-03-8}
},
@online{jmlr1,
    author = {N. Srivastava and G. Hinton  and A. Krizhevsky and I. Sutskever and R. Salakhutdinov},
    title = {Dropout: A Simple Way to Prevent Neural Networks fromOverfitting},
    year = 2014,
    url = {https://www.jmlr.org/papers/volume15/srivastava14a/srivastava14a.pdf?utmcampaign=bufferutmcontent=buffer79b43utmmedium=socialutmsource=twitter.com},
    urldate = {2023-03-8}
},
@online{medium,
    author = {P. Sharma},
    title = {Bias and Variance: the core concept of Machine Learning},
    year = 2020,
    url = {https://medium.com/analytics-vidhya/bias-and-variance-the-core-concept-of-machine-learning-to-improve-models-performanc-f9d6eca7f800},
    urldate = {2023-03-8}
},
@online{medium2,
    author = {S. Gutta},
    title = {Bias and Variance in simple terms!},
    year = 2020,
    url = {https://medium.com/analytics-vidhya/difference-between-bias-and-variance-in-machine-learning-fec71880c757},
    urldate = {2021-03-16}
},
@online{analyticsvidhya,
    author = {Raja Sayanam},
    title = {A Measure of Bias and Variance – An Experiment},
    year = 2020,
    url = {https://www.analyticsvidhya.com/blog/2020/12/a-measure-of-bias-and-variance-an-experiment/},
    urldate = {2023-03-8}
},
@online{citeseerx,
    author = {R. Tibshirani},
    title = {Bias, variance and prediction error for classification rules},
    year = 1996,
    url = {https://citeseerx.ist.psu.edu/viewdoc/download?doi=10.1.1.30.505&rep=rep1&type=pdf},
    urldate = {2023-03-8}
},
@online{yaroslavvb,
    author = {F. Cucker and S. Smale},
    title = {Best Choices for Regularization Parameters in Learning Theory: On the Bias–Variance Problem},
    year = 2002,
    url = {http://www.yaroslavvb.com/papers/cucker-best.pdf},
    urldate = {2023-03-8}
},
@online{towardsdatascience,
    author = {R. Banerjee},
    title = {Bias, Variance and How they are related to Underfitting, Overfitting},
    year = {2020},
    url = {https://towardsdatascience.com/bias-variance-and-how-they-are-related-to-underfitting-overfitting-4809aed98b79},
    urldate = {2023-03-8}
},
@online{dustinstansbury,
    author = {D. Stansbury},
    title = {Model Selection: Underfitting, Overfitting, and the Bias-Variance Tradeoff},
    year = {2020},
    url = {https://dustinstansbury.github.io/theclevermachine/bias-variance-tradeoff},
    urldate = {2023-03-8}
},
@online{jmlr1,
    author = {N. Srivastava and G. Hinton  and A. Krizhevsky and I. Sutskever and R. Salakhutdinov},
    title = {Dropout: A Simple Way to Prevent Neural Networks fromOverfitting},
    year = 2014,
    url = {https://www.jmlr.org/papers/volume15/srivastava14a/srivastava14a.pdf?utmcampaign=bufferutmcontent=buffer79b43utmmedium=socialutmsource=twitter.com},
    urldate = {2023-03-8}
},
@online{yahoo1,
    author = {},
    title = {},
    year = 2000,
    url = {https://medium.com/analytics-vidhya/difference-between-bias-and-variance-in-machine-learning-fec71880c757},
    urldate = {2023-03-8}
},
