@online{whatare,
    author = {P. Dang},
    title = {What are domestic robots?},
    year = 2021,
    url = {https://uniduc.com/en/blog/what-are-domestic-robots},
    urldate = {2023-04-7}
}

@online{robotnik_2022, 
     title={What is an industrial robot? Industrial Robot Definition}, 
     url={https://robotnik.eu/what-is-an-industrial-robot-industrial-robot-definition/}, 
     journal={Robotnik}, 
     author={Robotnik}, 
     year={2022}, 
     month={Oct}
 } 

 @misc{wikipedia_2022, 
    title={Leis da Rob√≥tica}, 
    url={https://pt.wikipedia.org/wiki/Leis_da_Rob\%C3\%B3tica}, 
    journal={Wikipedia}, 
    publisher={Wikimedia Foundation}, 
    year={2022}, 
    month={Feb}
}


@online{history,
    author = {Wikipedia},
    title = {Domestic robot},
    year = 2018,
    url = {https://en.wikipedia.org/wiki/Domestic_robot},
    urldate = {2023-04-07}
}

 @online{wevolver, 
     title={A history of industrial robots}, 
     url={https://www.wevolver.com/article/a-history-of-industrial-robots}, 
     journal={Wevolver}
} 

@online{advantages,
    author = {H. Soffar},
    title = {Domestic robot or Service Robots types, advantages and disadvantages},
    year = 2020,
    url = {https://www.online-sciences.com/robotics/domestic-robot-or-service-robots-types-advantages-and-disadvantages/},
    urldate = {2023-04-08}
}

@online{stevens_2022, 
    title={Advantages &amp; disadvantages of using industrial robots in manufacturing}, 
    url={https://www.wipfli.com/insights/articles/mad-pros-and-cons-of-using-industrial-robots-in-manufacturing}, 
    journal={Wipfli}, 
    publisher={Wipfli}, 
    author={Stevens & Mark}, 
    year={2022}, 
    month={May},
    urldate={2023-04-08}
 } 

 % domestico
@misc{international, 
    title={Sales of robots for the service sector grew by 37 worldwide}, 
    url={https://ifr.org/ifr-press-releases/news/sales-of-robots-for-the-service-sector-grew-by-37-worldwide, 
    journal={IFR International Federation of Robotics}, 
    author={International Federation of Robotics, 
    IFR}}
}

% industrial
@misc{internacional2, 
    title={World Robotics Report: "All-time high" with half a million robots installed in one year}, 
    url={https://ifr.org/ifr-press-releases/news/wr-report-all-time-high-with-half-a-million-robots-installed, journal={IFR International Federation of Robotics}, 
    author={International Federation of Robotics, 
    IFR}, 
    year={2022}}
}

 @online{market,
    author = {Mordor Intelligence},
    title = {Household Robots Market - Growth, Trends, Covid-19 Impact and Forecasts (2021 - 2026)},
    year = 2020,
    url = {https://www.mordorintelligence.com/industry-reports/household-robots-market},
    urldate = {2023-04-08}
}
